<collection xmlns="http://www.loc.gov/MARC21/slim">
<record>
  <leader>00672na 0a22001331i 450 </leader>
  <controlfield tag="001">IT\ICCU\CNCE\064407</controlfield>
  <controlfield tag="005">20060405000000.0</controlfield>
  <datafield tag="100" ind1=" " ind2=" ">
    <subfield code="a">20060405             0itac0103    ba</subfield>
  </datafield>
  <datafield tag="101" ind1=" " ind2=" ">
    <subfield code="a">ITA</subfield>
  </datafield>
  <datafield tag="200" ind1="1" ind2=" ">
    <subfield code="a">Oratione, ouero Predica funebre, ... della serenissima infanta donna Lisabetta ... Composta, e recitata in Viena da mons. Melchiorre Kleselio ... Tradotta dalla lingua tedesca in latino e poi mandata alla stampa nell&apos;italiana ... dal r.p.f. Paolo Morigi milanese</subfield>
  </datafield>
  <datafield tag="700" ind1=" " ind2="1">
    <subfield code="a">Klesl,</subfield>
    <subfield code="b">Melchior</subfield>
    <subfield code="3">IT\ICCU\CNCA\010616</subfield>
  </datafield>
  <datafield tag="790" ind1=" " ind2="1">
    <subfield code="a">Klesel,</subfield>
    <subfield code="b">Melchior</subfield>
    <subfield code="3">IT\ICCU\CNCA\019649</subfield>
    <subfield code="z">Klesl, Melchior</subfield>
  </datafield>
  <datafield tag="790" ind1=" " ind2="1">
    <subfield code="a">Khlesl,</subfield>
    <subfield code="b">Melchior</subfield>
    <subfield code="3">IT\ICCU\CNCA\019650</subfield>
    <subfield code="z">Klesl, Melchior</subfield>
  </datafield>
  <datafield tag="801" ind1=" " ind2="3">
    <subfield code="a">IT</subfield>
    <subfield code="b">ICCU</subfield>
    <subfield code="c">20201115</subfield>
  </datafield>
</record>
</collection>
